<record xmlns='http://www.loc.gov/MARC21/slim'><leader>01727cgm a2200409 a 4500</leader><controlfield tag='001'>2466234</controlfield><controlfield tag='005'>20141205223511.0</controlfield><controlfield tag='007'>vf|cbahou</controlfield><controlfield tag='008'>941107s1987    xx ||| e          vleng d</controlfield><datafield ind1=' ' ind2=' ' tag='035'><subfield code='a'>(NIC)notisAMJ2141</subfield></datafield><datafield ind1=' ' ind2=' ' tag='035'><subfield code='a'>2466234</subfield></datafield><datafield ind1=' ' ind2=' ' tag='035'><subfield code='a'>(OCoLC)74915452</subfield></datafield><datafield ind1=' ' ind2=' ' tag='040'><subfield code='a'>NIC</subfield><subfield code='c'>NIC</subfield></datafield><datafield ind1=' ' ind2=' ' tag='043'><subfield code='a'>n-us---</subfield></datafield><datafield ind1='0' ind2='0' tag='245'><subfield code='a'>State of Black America Conference</subfield><subfield code='h'>[videorecording] /</subfield><subfield code='c'>[Cornell University, Africana Studies and Research Center].</subfield></datafield><datafield ind1=' ' ind2=' ' tag='260'><subfield code='c'>1987.</subfield></datafield><datafield ind1=' ' ind2=' ' tag='300'><subfield code='a'>4 videocassettes :</subfield><subfield code='b'>sd., col. ;</subfield><subfield code='c'>1/2 in.</subfield></datafield><datafield ind1=' ' ind2=' ' tag='538'><subfield code='a'>VHS.</subfield></datafield><datafield ind1='0' ind2=' ' tag='511'><subfield code='a'>Molefi Asanti, Lenora Fulani, Amiri Baraka.</subfield></datafield><datafield ind1=' ' ind2=' ' tag='500'><subfield code='a'>&quot;161a-161d.&quot;</subfield></datafield><datafield ind1=' ' ind2=' ' tag='520'><subfield code='a'>At the State of Black America Conference held at Cornell University in 1987, the speakers talk about the state of Afro-Americans. The central idea of Amiri Barakas&apos; speech is to analyze and bring out the obvious and rather blatant ideologies America has towards Blacks, particularly in the education area.</subfield></datafield><datafield ind1=' ' ind2='0' tag='650'><subfield code='a'>African Americans</subfield><subfield code='x'>Congresses.</subfield></datafield><datafield ind1=' ' ind2='0' tag='650'><subfield code='a'>Racism</subfield><subfield code='z'>United States</subfield><subfield code='x'>Congresses.</subfield></datafield><datafield ind1=' ' ind2='7' tag='650'><subfield code='a'>African Americans</subfield><subfield code='2'>fast</subfield><subfield code='0'>(OCoLC)fst00799558</subfield></datafield><datafield ind1=' ' ind2='7' tag='650'><subfield code='a'>Racism</subfield><subfield code='2'>fast</subfield><subfield code='0'>(OCoLC)fst01086616</subfield></datafield><datafield ind1=' ' ind2='7' tag='651'><subfield code='a'>United States</subfield><subfield code='2'>fast</subfield><subfield code='0'>(OCoLC)fst01204155</subfield></datafield><datafield ind1=' ' ind2='7' tag='655'><subfield code='a'>Conference proceedings</subfield><subfield code='2'>fast</subfield><subfield code='0'>(OCoLC)fst01423772</subfield></datafield><datafield ind1='1' ind2=' ' tag='700'><subfield code='a'>Asanti, Molefi.</subfield></datafield><datafield ind1='1' ind2=' ' tag='700'><subfield code='a'>Fulani, Lenora.</subfield></datafield><datafield ind1='1' ind2=' ' tag='700'><subfield code='a'>Baraka, Amiri,</subfield><subfield code='d'>1934-2014.</subfield></datafield><datafield ind1='2' ind2=' ' tag='710'><subfield code='a'>Cornell University.</subfield><subfield code='b'>Africana Studies and Research Center.</subfield></datafield><datafield ind1='2' ind2=' ' tag='711'><subfield code='a'>State of Black America Conference</subfield><subfield code='d'>(1987 :</subfield><subfield code='c'>Cornell University)</subfield></datafield><datafield ind1=' ' ind2=' ' tag='905'><subfield code='a'>19950510120000.0</subfield></datafield><datafield ind1='2' ind2=' ' tag='948'><subfield code='a'>20030929</subfield><subfield code='b'>b</subfield><subfield code='d'>sok1</subfield><subfield code='e'>lts</subfield></datafield><datafield ind1='2' ind2=' ' tag='948'><subfield code='a'>20040603</subfield><subfield code='b'>a</subfield><subfield code='d'>pd36</subfield><subfield code='e'>lts</subfield><subfield code='f'>?</subfield><subfield code='h'>?</subfield></datafield><datafield ind1='2' ind2=' ' tag='948'><subfield code='a'>20040618</subfield><subfield code='b'>a</subfield><subfield code='d'>pl233</subfield><subfield code='e'>lts</subfield></datafield><datafield ind1='2' ind2=' ' tag='948'><subfield code='a'>20141205</subfield><subfield code='b'>m</subfield><subfield code='d'>batch</subfield><subfield code='e'>lts</subfield><subfield code='x'>addfast</subfield></datafield></record>